@ARTICLE{2013LMCdistance1,
       author = {{Pietrzy{\'n}ski}, G. and {Graczyk}, D. and {Gieren}, W. and
         {Thompson}, I.~B. and {Pilecki}, B. and {Udalski}, A. and
         {Soszy{\'n}ski}, I. and {Koz{\l}owski}, S. and {Konorski}, P. and
         {Suchomska}, K. and {Bono}, G. and {Moroni}, P.~G. Prada and
         {Villanova}, S. and {Nardetto}, N. and {Bresolin}, F. and
         {Kudritzki}, R.~P. and {Storm}, J. and {Gallenne}, A. and {Smolec}, R. and
         {Minniti}, D. and {Kubiak}, M. and {Szyma{\'n}ski}, M.~K. and
         {Poleski}, R. and {Wyrzykowski}, {\L}. and {Ulaczyk}, K. and
         {Pietrukowicz}, P. and {G{\'o}rski}, M. and {Karczmarek}, P.},
        title = "{An eclipsing-binary distance to the Large Magellanic Cloud accurate to two per cent}",
      journal = {\nat},
     keywords = {Astrophysics - Galaxy Astrophysics, Astrophysics - Cosmology and Extragalactic Astrophysics},
         year = "2013",
        month = Mar,
       volume = {495},
       number = {7439},
        pages = {76-79},
          doi = {10.1038/nature11878},
archivePrefix = {arXiv},
       eprint = {1303.2063},
 primaryClass = {astro-ph.GA},
       adsurl = {https://ui.adsabs.harvard.edu/abs/2013Natur.495...76P},
      adsnote = {Provided by the SAO/NASA Astrophysics Data System}
}

@ARTICLE{2004StructureandOrientationLMC,
       author = {{Nikolaev}, S. and {Drake}, A.~J. and {Keller}, S.~C. and {Cook}, K.~H. and
         {Dalal}, N. and {Griest}, K. and {Welch}, D.~L. and {Kanbur}, S.~M.},
        title = "{Geometry of the Large Magellanic Cloud Disk: Results from MACHO and the Two Micron All Sky Survey}",
      journal = {\apj},
     keywords = {Stars: Variables: Cepheids, ISM: Dust, Extinction, Galaxies: Individual: Name: Large Magellanic Cloud, Galaxies: Structure},
         year = "2004",
        month = Jan,
       volume = {601},
       number = {1},
        pages = {260-276},
          doi = {10.1086/380439},
       adsurl = {https://ui.adsabs.harvard.edu/abs/2004ApJ...601..260N},
      adsnote = {Provided by the SAO/NASA Astrophysics Data System}
}

@ARTICLE{2015MultiwavelengthLMCsnr,
       author = {{Reid}, Warren A. and {Stupar}, Milorad and {Bozzetto}, Luke M. and
         {Parker}, Q.~A. and {Filipovi{\'c}}, M.~D.},
        title = "{Optical discovery and multiwavelength investigation of supernova remnant MCSNR J0512- 6707 in the Large Magellanic Cloud}",
      journal = {\mnras},
     keywords = {surveys, ISM: individual objects: MCSNR J0512-6707; RP1577, ISM: supernova remnants, Magellanic Clouds, Astrophysics - Astrophysics of Galaxies, Astrophysics - Solar and Stellar Astrophysics},
         year = "2015",
        month = Nov,
       volume = {454},
       number = {1},
        pages = {991-999},
          doi = {10.1093/mnras/stv1992},
archivePrefix = {arXiv},
       eprint = {1508.06323},
 primaryClass = {astro-ph.GA},
       adsurl = {https://ui.adsabs.harvard.edu/abs/2015MNRAS.454..991R},
      adsnote = {Provided by the SAO/NASA Astrophysics Data System}
}

@ARTICLE{2016LMCFermiLAT,
       author = {{Ackermann}, M. and {Albert}, A. and {Atwood}, W.~B. and {Baldini}, L. and
         {Ballet}, J. and {Barbiellini}, G. and {Bastieri}, D. and
         {Bellazzini}, R. and {Bissaldi}, E. and {Bloom}, E.~D. and
         {Bonino}, R. and {Brandt}, T.~J. and {Bregeon}, J. and {Bruel}, P. and
         {Buehler}, R. and {Caliandro}, G.~A. and {Cameron}, R.~A. and
         {Caragiulo}, M. and {Caraveo}, P.~A. and {Cavazzuti}, E. and
         {Cecchi}, C. and {Charles}, E. and {Chekhtman}, A. and {Chiang}, J. and
         {Chiaro}, G. and {Ciprini}, S. and {Cohen-Tanugi}, J. and {Cutini}, S. and
         {D'Ammando}, F. and {de Angelis}, A. and {de Palma}, F. and
         {Desiante}, R. and {Digel}, S.~W. and {Drell}, P.~S. and {Favuzzi}, C. and
         {Ferrara}, E.~C. and {Focke}, W.~B. and {Franckowiak}, A. and
         {Fusco}, P. and {Gargano}, F. and {Gasparrini}, D. and {Giglietto}, N. and
         {Giordano}, F. and {Godfrey}, G. and {Grenier}, I.~A. and
         {Grondin}, M. -H. and {Guillemot}, L. and {Guiriec}, S. and
         {Harding}, A.~K. and {Hill}, A.~B. and {Horan}, D. and
         {J{\'o}hannesson}, G. and {Kn{\"o}dlseder}, J. and {Kuss}, M. and
         {Larsson}, S. and {Latronico}, L. and {Li}, J. and {Li}, L. and
         {Longo}, F. and {Loparco}, F. and {Lubrano}, P. and {Maldera}, S. and
         {Martin}, P. and {Mayer}, M. and {Mazziotta}, M.~N. and
         {Michelson}, P.~F. and {Mizuno}, T. and {Monzani}, M.~E. and
         {Morselli}, A. and {Murgia}, S. and {Nuss}, E. and {Ohsugi}, T. and
         {Orienti}, M. and {Orlando}, E. and {Ormes}, J.~F. and {Paneque}, D. and
         {Pesce-Rollins}, M. and {Piron}, F. and {Pivato}, G. and
         {Porter}, T.~A. and {Rain{\`o}}, S. and {Rando}, R. and {Razzano}, M. and
         {Reimer}, A. and {Reimer}, O. and {Romani}, R.~W. and
         {S{\'a}nchez-Conde}, M. and {Schulz}, A. and {Sgr{\`o}}, C. and
         {Siskind}, E.~J. and {Smith}, D.~A. and {Spada}, F. and {Spandre}, G. and
         {Spinelli}, P. and {Suson}, D.~J. and {Takahashi}, H. and
         {Thayer}, J.~B. and {Tibaldo}, L. and {Torres}, D.~F. and {Tosti}, G. and
         {Troja}, E. and {Vianello}, G. and {Wood}, M. and {Zimmer}, S.},
        title = "{Deep view of the Large Magellanic Cloud with six years of Fermi-LAT observations}",
      journal = {\aap},
     keywords = {gamma rays: galaxies, Magellanic Clouds, cosmic rays, Astrophysics - High Energy Astrophysical Phenomena},
         year = "2016",
        month = Feb,
       volume = {586},
          eid = {A71},
        pages = {A71},
          doi = {10.1051/0004-6361/201526920},
archivePrefix = {arXiv},
       eprint = {1509.06903},
 primaryClass = {astro-ph.HE},
       adsurl = {https://ui.adsabs.harvard.edu/abs/2016A&A...586A..71A},
      adsnote = {Provided by the SAO/NASA Astrophysics Data System}
}

@ARTICLE{2012HESSLMC,
       author = {{Komin}, Nu. and {Djannati-Ata{\"\i}}, A. and {Gallant}, Y. and {Marand
        on}, V. and {Lu}, C.~C. and {Ohm}, S. and {de O{\~n}a Wilhelmi}, E.},
        title = "{H.E.S.S. observations of the Large Magellanic Cloud}",
      journal = {arXiv e-prints},
     keywords = {Astrophysics - High Energy Astrophysical Phenomena},
         year = "2012",
        month = Jan,
          eid = {arXiv:1201.0639},
        pages = {arXiv:1201.0639},
archivePrefix = {arXiv},
       eprint = {1201.0639},
 primaryClass = {astro-ph.HE},
       adsurl = {https://ui.adsabs.harvard.edu/abs/2012arXiv1201.0639K},
      adsnote = {Provided by the SAO/NASA Astrophysics Data System}
}

@ARTICLE{2015HESSTeVLMC,
       author = {{H.~E.~S.~S. Collaboration} and {Abramowski}, A. and {Aharonian}, F. and
         {Ait Benkhali}, F. and {Akhperjanian}, A.~G. and {Ang{\"u}ner}, E.~O. and
         {Backes}, M. and {Balenderan}, S. and {Balzer}, A. and {Barnacka}, A. and
         {Becherini}, Y. and {Becker-Tjus}, J. and {Berge}, D. and
         {Bernhard}, S. and {Bernl{\"o}hr}, K. and {Birsin}, E. and
         {Biteau}, J. and {B{\"o}ttcher}, M. and {Boisson}, C. and
         {Bolmont}, J. and {Bordas}, P. and {Bregeon}, J. and {Brun}, F. and
         {Brun}, P. and {Bryan}, M. and {Bulik}, T. and {Carrigan}, S. and
         {Casanova}, S. and {Chadwick}, P.~M. and {Chakraborty}, N. and
         {Chalme-Calvet}, R. and {Chaves}, R.~C.~G. and {Chr{\'e}tien}, M. and
         {Colafrancesco}, S. and {Cologna}, G. and {Conrad}, J. and
         {Couturier}, C. and {Cui}, Y. and {Dalton}, M. and {Davids}, I.~D. and
         {Degrange}, B. and {Deil}, C. and {de Wilt}, P. and
         {Djannati-Ata{\"\i}}, A. and {Domainko}, W. and {Donath}, A. and
         {Drury}, L. O'C. and {Dubus}, G. and {Dutson}, K. and {Dyks}, J. and
         {Dyrda}, M. and {Edwards}, T. and {Egberts}, K. and {Eger}, P. and
         {Espigat}, P. and {Farnier}, C. and {Fegan}, S. and {Feinstein}, F. and
         {Fernandes}, M.~V. and {Fernandez}, D. and {Fiasson}, A. and
         {Fontaine}, G. and {F{\"o}rster}, A. and {F{\"u}{\ss}ling}, M. and
         {Gabici}, S. and {Gajdus}, M. and {Gallant}, Y.~A. and {Garrigoux}, T. and
         {Giavitto}, G. and {Giebels}, B. and {Glicenstein}, J.~F. and
         {Gottschall}, D. and {Grondin}, M. -H. and {Grudzi{\'n}ska}, M. and
         {Hadasch}, D. and {H{\"a}ffner}, S. and {Hahn}, J. and {Harris}, J. and
         {Heinzelmann}, G. and {Henri}, G. and {Hermann}, G. and {Hervet}, O. and
         {Hillert}, A. and {Hinton}, J.~A. and {Hofmann}, W. and
         {Hofverberg}, P. and {Holler}, M. and {Horns}, D. and {Ivascenko}, A. and
         {Jacholkowska}, A. and {Jahn}, C. and {Jamrozy}, M. and {Janiak}, M. and
         {Jankowsky}, F. and {Jung}, I. and {Kastendieck}, M.~A. and
         {Katarzy{\'n}ski}, K. and {Katz}, U. and {Kaufmann}, S. and
         {Kh{\'e}lifi}, B. and {Kieffer}, M. and {Klepser}, S. and
         {Klochkov}, D. and {Klu{\'z}niak}, W. and {Kolitzus}, D. and
         {Komin}, Nu. and {Kosack}, K. and {Krakau}, S. and {Krayzel}, F. and
         {Kr{\"u}ger}, P.~P. and {Laffon}, H. and {Lamanna}, G. and
         {Lefaucheur}, J. and {Lefranc}, V. and {Lemi{\`e}re}, A. and
         {Lemoine-Goumard}, M. and {Lenain}, J. -P. and {Lohse}, T. and
         {Lopatin}, A. and {Lu}, C. -C. and {Marandon}, V. and {Marcowith}, A. and
         {Marx}, R. and {Maurin}, G. and {Maxted}, N. and {Mayer}, M. and
         {McComb}, T.~J.~L. and {M{\'e}hault}, J. and {Meintjes}, P.~J. and
         {Menzler}, U. and {Meyer}, M. and {Mitchell}, A.~M.~W. and
         {Moderski}, R. and {Mohamed}, M. and {Mor{\r{a}}}, K. and {Moulin}, E. and
         {Murach}, T. and {de Naurois}, M. and {Niemiec}, J. and {Nolan}, S.~J. and
         {Oakes}, L. and {Odaka}, H. and {Ohm}, S. and {Opitz}, B. and
         {Ostrowski}, M. and {Oya}, I. and {Panter}, M. and {Parsons}, R.~D. and
         {Paz Arribas}, M. and {Pekeur}, N.~W. and {Pelletier}, G. and
         {Perez}, J. and {Petrucci}, P. -O. and {Peyaud}, B. and {Pita}, S. and
         {Poon}, H. and {P{\"u}hlhofer}, G. and {Punch}, M. and
         {Quirrenbach}, A. and {Raab}, S. and {Reichardt}, I. and {Reimer}, A. and
         {Reimer}, O. and {Renaud}, M. and {de los Reyes}, R. and {Rieger}, F. and
         {Rob}, L. and {Romoli}, C. and {Rosier-Lees}, S. and {Rowell}, G. and
         {Rudak}, B. and {Rulten}, C.~B. and {Sahakian}, V. and {Salek}, D. and
         {Sanchez}, D.~A. and {Santangelo}, A. and {Schlickeiser}, R. and
         {Sch{\"u}ssler}, F. and {Schulz}, A. and {Schwanke}, U. and
         {Schwarzburg}, S. and {Schwemmer}, S. and {Sol}, H. and {Spanier}, F. and
         {Spengler}, G. and {Spies}, F. and {Stawarz}, {\L}. and
         {Steenkamp}, R. and {Stegmann}, C. and {Stinzing}, F. and {Stycz}, K. and
         {Sushch}, I. and {Tavernet}, J. -P. and {Tavernier}, T. and
         {Taylor}, A.~M. and {Terrier}, R. and {Tluczykont}, M. and
         {Trichard}, C. and {Valerius}, K. and {van Eldik}, C. and
         {van Soelen}, B. and {Vasileiadis}, G. and {Veh}, J. and {Venter}, C. and
         {Viana}, A. and {Vincent}, P. and {Vink}, J. and {V{\"o}lk}, H.~J. and
         {Volpe}, F. and {Vorster}, M. and {Vuillaume}, T. and {Wagner}, S.~J. and
         {Wagner}, P. and {Wagner}, R.~M. and {Ward}, M. and {Weidinger}, M. and
         {Weitzel}, Q. and {White}, R. and {Wierzcholska}, A. and
         {Willmann}, P. and {W{\"o}rnlein}, A. and {Wouters}, D. and {Yang}, R. and
         {Zabalza}, V. and {Zaborov}, D. and {Zacharias}, M. and
         {Zdziarski}, A.~A. and {Zech}, A. and {Zechlin}, H. -S.},
        title = "{The exceptionally powerful TeV {\ensuremath{\gamma}}-ray emitters in the Large Magellanic Cloud}",
      journal = {Science},
     keywords = {ASTRONOMY, Astrophysics - High Energy Astrophysical Phenomena},
         year = "2015",
        month = Jan,
       volume = {347},
       number = {6220},
        pages = {406-412},
          doi = {10.1126/science.1261313},
archivePrefix = {arXiv},
       eprint = {1501.06578},
 primaryClass = {astro-ph.HE},
       adsurl = {https://ui.adsabs.harvard.edu/abs/2015Sci...347..406H},
      adsnote = {Provided by the SAO/NASA Astrophysics Data System}
}

@INPROCEEDINGS{2017HESSLMCP3,
       author = {{Komin}, N. and {Haupt}, M. and {H.~E.~S.~S. Collaboration}},
        title = "{Discovery of VHE Gamma-Ray Emission from the Binary System LMC P3}",
     keywords = {Astrophysics - High Energy Astrophysical Phenomena},
    booktitle = {35th International Cosmic Ray Conference (ICRC2017)},
         year = "2017",
       series = {International Cosmic Ray Conference},
       volume = {301},
        month = Jan,
          eid = {730},
        pages = {730},
archivePrefix = {arXiv},
       eprint = {1708.03171},
 primaryClass = {astro-ph.HE},
       adsurl = {https://ui.adsabs.harvard.edu/abs/2017ICRC...35..730K},
      adsnote = {Provided by the SAO/NASA Astrophysics Data System}
}

@ARTICLE{2012XMM1987,
       author = {{Maggi}, P. and {Haberl}, F. and {Sturm}, R. and {Dewey}, D.},
        title = "{XMM-Newton observations of SNR 1987A. II. The still increasing X-ray light curve and the properties of Fe K lines}",
      journal = {\aap},
     keywords = {ISM: individual objects: SN 1987A, X-rays: ISM, ISM: supernova remnants, Magellanic Clouds, Astrophysics - High Energy Astrophysical Phenomena},
         year = "2012",
        month = Dec,
       volume = {548},
          eid = {L3},
        pages = {L3},
          doi = {10.1051/0004-6361/201220595},
archivePrefix = {arXiv},
       eprint = {1211.1220},
 primaryClass = {astro-ph.HE},
       adsurl = {https://ui.adsabs.harvard.edu/abs/2012A&A...548L...3M},
      adsnote = {Provided by the SAO/NASA Astrophysics Data System}
}

@ARTICLE{2013RadioPulsarsLMC,
       author = {{Ridley}, J.~P. and {Crawford}, F. and {Lorimer}, D.~R. and
         {Bailey}, S.~R. and {Madden}, J.~H. and {Anella}, R. and
         {Chennamangalam}, J.},
        title = "{Eight new radio pulsars in the Large Magellanic Cloud}",
      journal = {\mnras},
     keywords = {stars: neutron, pulsars: general, Magellanic Clouds, Astrophysics - Astrophysics of Galaxies, Astrophysics - High Energy Astrophysical Phenomena},
         year = "2013",
        month = Jul,
       volume = {433},
       number = {1},
        pages = {138-146},
          doi = {10.1093/mnras/stt709},
archivePrefix = {arXiv},
       eprint = {1304.6412},
 primaryClass = {astro-ph.GA},
       adsurl = {https://ui.adsabs.harvard.edu/abs/2013MNRAS.433..138R},
      adsnote = {Provided by the SAO/NASA Astrophysics Data System}
}

@ARTICLE{2016SNRinXrayLMC,
       author = {{Maggi}, P. and {Haberl}, F. and {Kavanagh}, P.~J. and {Sasaki}, M. and
         {Bozzetto}, L.~M. and {Filipovi{\'c}}, M.~D. and {Vasilopoulos}, G. and
         {Pietsch}, W. and {Points}, S.~D. and {Chu}, Y. -H. and {Dickel}, J. and
         {Ehle}, M. and {Williams}, R. and {Greiner}, J.},
        title = "{The population of X-ray supernova remnants in the Large Magellanic Cloud}",
      journal = {\aap},
     keywords = {ISM: supernova remnants, Magellanic Clouds, ISM: abundances, supernovae: general, stars: formation, X-rays: ISM, Astrophysics - High Energy Astrophysical Phenomena},
         year = "2016",
        month = Jan,
       volume = {585},
          eid = {A162},
        pages = {A162},
          doi = {10.1051/0004-6361/201526932},
archivePrefix = {arXiv},
       eprint = {1509.09223},
 primaryClass = {astro-ph.HE},
       adsurl = {https://ui.adsabs.harvard.edu/abs/2016A&A...585A.162M},
      adsnote = {Provided by the SAO/NASA Astrophysics Data System}
}

@ARTICLE{2003PWNeintheLMC,
       author = {{Gaensler}, B.~M. and {Hendrick}, S.~P. and {Reynolds}, S.~P. and
         {Borkowski}, K.~J.},
        title = "{Discovery of a New Pulsar Wind Nebula in the Large Magellanic Cloud}",
      journal = {\apjl},
     keywords = {ISM: Individual: Alphanumeric: B0453-685, Galaxies: Magellanic Clouds, Radio Continuum: ISM, Stars: Neutron, ISM: Supernova Remnants, X-Rays: ISM, Astrophysics},
         year = "2003",
        month = Sep,
       volume = {594},
       number = {2},
        pages = {L111-L114},
          doi = {10.1086/378687},
archivePrefix = {arXiv},
       eprint = {astro-ph/0305574},
 primaryClass = {astro-ph},
       adsurl = {https://ui.adsabs.harvard.edu/abs/2003ApJ...594L.111G},
      adsnote = {Provided by the SAO/NASA Astrophysics Data System}
}

@ARTICLE{2008PWNeXrayLMC,
       author = {{Campana}, R. and {Mineo}, T. and {de Rosa}, A. and {Massaro}, E. and
         {Dean}, A.~J. and {Bassani}, L.},
        title = "{X-ray observations of the Large Magellanic Cloud pulsar PSR B0540-69 and its pulsar wind nebula}",
      journal = {\mnras},
     keywords = {pulsars: general, pulsars: individual: PSR B0540-69, gamma-rays: observations, X-rays: stars, Astrophysics},
         year = "2008",
        month = Sep,
       volume = {389},
       number = {2},
        pages = {691-700},
          doi = {10.1111/j.1365-2966.2008.13619.x},
archivePrefix = {arXiv},
       eprint = {0806.3670},
 primaryClass = {astro-ph},
       adsurl = {https://ui.adsabs.harvard.edu/abs/2008MNRAS.389..691C},
      adsnote = {Provided by the SAO/NASA Astrophysics Data System}
}

@ARTICLE{2009SFHofLMC,
       author = {{Harris}, Jason and {Zaritsky}, Dennis},
        title = "{The Star Formation History of the Large Magellanic Cloud}",
      journal = {\aj},
     keywords = {galaxies: evolution, galaxies: individual: Large Magellanic Cloud, galaxies: stellar content, Magellanic Clouds, Astrophysics - Cosmology and Nongalactic Astrophysics, Astrophysics - Astrophysics of Galaxies},
         year = "2009",
        month = Nov,
       volume = {138},
       number = {5},
        pages = {1243-1260},
          doi = {10.1088/0004-6256/138/5/1243},
archivePrefix = {arXiv},
       eprint = {0908.1422},
 primaryClass = {astro-ph.CO},
       adsurl = {https://ui.adsabs.harvard.edu/abs/2009AJ....138.1243H},
      adsnote = {Provided by the SAO/NASA Astrophysics Data System}
}

@Article{2013InfrarredLMC,
author="Siudek, M.
and Pollo, A.
and Takeuchi, T. T.
and Ita, Y.
and Kato, D.
and Onaka, T.",
title="Infrared composition of the Large Magellanic Cloud",
journal="Earth, Planets and Space",
year="2013",
month=Mar,
day="12",
volume="65",
number="3",
pages="13",
abstract="The evolution of galaxies and the history of star formation in the Universe are among the most important topics in today's astrophysics. Especially, the role of small, irregular galaxies in the star-formation history of the Universe is not yet clear. Using the data from the AKARI IRC survey of the Large Magellanic Cloud at 3.2, 7, 11, 15, and 24 $\mu$m wavelengths, i.e., at the mid- and near-infrared, we have constructed a multiwavelength catalog containing data from a cross-correlation with a number of other databases at different wavelengths. We present the separation of different classes of stars in the LMC in color-color, and color-magnitude, diagrams, and analyze their contribution to the total LMC flux, related to point sources at different infrared wavelengths.",
issn="1880-5981",
doi="10.5047/eps.2012.09.001",
url="https://doi.org/10.5047/eps.2012.09.001"
}

@article{2008SocratesCRandSF,
	doi = {10.1086/590046},
	url = {https://doi.org/10.1086%2F590046},
	year = 2008,
	month = Nov,
	publisher = {{IOP} Publishing},
	volume = {687},
	number = {1},
	pages = {202--215},
	author = {Aristotle Socrates and Shane W. Davis and Enrico Ramirez-Ruiz},
	title = {The Eddington Limit in Cosmic Rays: An Explanation for the Observed Faintness of Starbursting Galaxies},
	journal = {The Astrophysical Journal}
}

@article{2010PapadopoulosCRinSF,
	doi = {10.1088/0004-637x/720/1/226},
	url = {https://doi.org/10.1088%2F0004-637x%2F720%2F1%2F226},
	year = 2010,
	month = Aug,
	publisher = {{IOP} Publishing},
	volume = {720},
	number = {1},
	pages = {226--232},
	author = {Padelis P. Papadopoulos},
	title = {A {COSMIC}-{RAY}-{DOMINATED} {INTERSTELLAR} {MEDIUM} {IN} {ULTRA} {LUMINOUS} {INFRARED} {GALAXIES}: {NEW} {INITIAL} {CONDITIONS} {FOR} {STAR} {FORMATION}},
	journal = {The Astrophysical Journal}
}

@article{1963Pimesonsproducegammarays,
  title = {Production of $\ensuremath{\pi}$ Mesons and Gamma Radiation in the Galaxy by Cosmic Rays},
  author = {Pollack, J. B. and Fazio, G. G.},
  journal = {Phys. Rev.},
  volume = {131},
  issue = {6},
  pages = {2684--2691},
  numpages = {0},
  year = {1963},
  month = Sep,
  publisher = {American Physical Society},
  doi = {10.1103/PhysRev.131.2684},
  url = {https://link.aps.org/doi/10.1103/PhysRev.131.2684}
}

@ARTICLE{2008ICgammaray,
       author = {{Porter}, Troy A. and {Moskalenko}, Igor V. and {Strong}, Andrew W. and
         {Orlando}, Elena and {Bouchet}, L.},
        title = "{Inverse Compton Origin of the Hard X-Ray and Soft Gamma-Ray Emission from the Galactic Ridge}",
      journal = {\apj},
     keywords = {cosmic rays, elementary particles, gamma rays: theory, Astrophysics},
         year = "2008",
        month = Jul,
       volume = {682},
       number = {1},
        pages = {400-407},
          doi = {10.1086/589615},
archivePrefix = {arXiv},
       eprint = {0804.1774},
 primaryClass = {astro-ph},
       adsurl = {https://ui.adsabs.harvard.edu/abs/2008ApJ...682..400P},
      adsnote = {Provided by the SAO/NASA Astrophysics Data System}
}

@ARTICLE{2010FermiLATLMC11months,
       author = {{Abdo}, A.~A. and {Ackermann}, M. and {Ajello}, M. and {Atwood}, W.~B. and
         {Baldini}, L. and {Ballet}, J. and {Barbiellini}, G. and
         {Bastieri}, D. and {Baughman}, B.~M. and {Bechtol}, K. and
         {Bellazzini}, R. and {Berenji}, B. and {Blandford}, R.~D. and
         {Bloom}, E.~D. and {Bonamente}, E. and {Borgland}, A.~W. and
         {Bregeon}, J. and {Brez}, A. and {Brigida}, M. and {Bruel}, P. and
         {Burnett}, T.~H. and {Buson}, S. and {Caliandro}, G.~A. and
         {Cameron}, R.~A. and {Caraveo}, P.~A. and {Casandjian}, J.~M. and
         {Cecchi}, C. and {{\c{C}}elik}, {\"O}. and {Chekhtman}, A. and
         {Cheung}, C.~C. and {Chiang}, J. and {Ciprini}, S. and {Claus}, R. and
         {Cohen-Tanugi}, J. and {Cominsky}, L.~R. and {Conrad}, J. and
         {Cutini}, S. and {Dermer}, C.~D. and {de Angelis}, A. and
         {de Palma}, F. and {Digel}, S.~W. and {Silva}, E. Do Couto E. and
         {Drell}, P.~S. and {Dubois}, R. and {Dumora}, D. and {Farnier}, C. and
         {Favuzzi}, C. and {Fegan}, S.~J. and {Focke}, W.~B. and {Fortin}, P. and
         {Frailis}, M. and {Fukazawa}, Y. and {Fusco}, P. and {Gargano}, F. and
         {Gasparrini}, D. and {Gehrels}, N. and {Germani}, S. and
         {Giavitto}, G. and {Giebels}, B. and {Giglietto}, N. and
         {Giordano}, F. and {Glanzman}, T. and {Godfrey}, G. and
         {Gotthelf}, E.~V. and {Grenier}, I.~A. and {Grondin}, M. -H. and
         {Grove}, J.~E. and {Guillemot}, L. and {Guiriec}, S. and
         {Hanabata}, Y. and {Harding}, A.~K. and {Hayashida}, M. and {Hays}, E. and
         {Horan}, D. and {Hughes}, R.~E. and {Jackson}, M.~S. and {Jean}, P. and
         {J{\'o}hannesson}, G. and {Johnson}, A.~S. and {Johnson}, R.~P. and
         {Johnson}, T.~J. and {Johnson}, W.~N. and {Kamae}, T. and
         {Katagiri}, H. and {Kataoka}, J. and {Kawai}, N. and {Kerr}, M. and
         {Kn{\"o}dlseder}, J. and {Kocian}, M.~L. and {Kuss}, M. and {Land
        e}, J. and {Latronico}, L. and {Lemoine-Goumard}, M. and {Longo}, F. and
         {Loparco}, F. and {Lott}, B. and {Lovellette}, M.~N. and {Lubrano}, P. and
         {Madejski}, G.~M. and {Makeev}, A. and {Marshall}, F. and {Martin}, P. and
         {Mazziotta}, M.~N. and {McConville}, W. and {McEnery}, J.~E. and
         {Meurer}, C. and {Michelson}, P.~F. and {Mitthumsiri}, W. and
         {Mizuno}, T. and {Moiseev}, A.~A. and {Monte}, C. and {Monzani}, M.~E. and
         {Morselli}, A. and {Moskalenko}, I.~V. and {Murgia}, S. and
         {Nolan}, P.~L. and {Norris}, J.~P. and {Nuss}, E. and {Ohsugi}, T. and
         {Omodei}, N. and {Orlando}, E. and {Ormes}, J.~F. and {Paneque}, D. and
         {Parent}, D. and {Pelassa}, V. and {Pepe}, M. and {Pesce-Rollins}, M. and
         {Piron}, F. and {Porter}, T.~A. and {Rain{\`o}}, S. and {Rando}, R. and
         {Razzano}, M. and {Reimer}, A. and {Reimer}, O. and {Reposeur}, T. and
         {Ritz}, S. and {Rodriguez}, A.~Y. and {Romani}, R.~W. and {Roth}, M. and
         {Ryde}, F. and {Sadrozinski}, H.~F. -W. and {Sanchez}, D. and {Sand
        er}, A. and {Saz Parkinson}, P.~M. and {Scargle}, J.~D. and
         {Sellerholm}, A. and {Sgr{\`o}}, C. and {Siskind}, E.~J. and
         {Smith}, D.~A. and {Smith}, P.~D. and {Spandre}, G. and {Spinelli}, P. and
         {Starck}, J. -L. and {Strickman}, M.~S. and {Strong}, A.~W. and
         {Suson}, D.~J. and {Tajima}, H. and {Takahashi}, H. and {Tanaka}, T. and
         {Thayer}, J.~B. and {Thayer}, J.~G. and {Thompson}, D.~J. and
         {Tibaldo}, L. and {Torres}, D.~F. and {Tosti}, G. and {Tramacere}, A. and
         {Uchiyama}, Y. and {Usher}, T.~L. and {Vasileiou}, V. and {Venter}, C. and
         {Vilchez}, N. and {Vitale}, V. and {Waite}, A.~P. and {Wang}, P. and
         {Weltevrede}, P. and {Winer}, B.~L. and {Wood}, K.~S. and {Ylinen}, T. and
         {Ziegler}, M.},
        title = "{Observations of the Large Magellanic Cloud with Fermi}",
      journal = {\aap},
     keywords = {acceleration of particles, cosmic rays, Magellanic Clouds, gamma rays: galaxies, Astrophysics - High Energy Astrophysical Phenomena, Astrophysics - Astrophysics of Galaxies},
         year = "2010",
        month = Mar,
       volume = {512},
          eid = {A7},
        pages = {A7},
          doi = {10.1051/0004-6361/200913474},
archivePrefix = {arXiv},
       eprint = {1001.3298},
 primaryClass = {astro-ph.HE},
       adsurl = {https://ui.adsabs.harvard.edu/abs/2010A&A...512A...7A},
      adsnote = {Provided by the SAO/NASA Astrophysics Data System}
}

@article{2012CRinLMC30Doradus,
	doi = {10.1088/0004-637x/750/2/126},
	url = {https://doi.org/10.1088%2F0004-637x%2F750%2F2%2F126},
	year = 2012,
	month = Apr,
	publisher = {{IOP} Publishing},
	volume = {750},
	number = {2},
	pages = {126},
	author = {E. J. Murphy and T. A. Porter and I. V. Moskalenko and G. Helou and A. W. Strong},
	title = {{CHARACTERIZING} {COSMIC}-{RAY} {PROPAGATION} {IN} {MASSIVE} {STAR}-{FORMING} {REGIONS}: {THE} {CASE} {OF} 30 {DORADUS} {AND} {THE} {LARGE} {MAGELLANIC} {CLOUD}},
	journal = {The Astrophysical Journal}
}

@ARTICLE{Zwicky,
       author = {{Andernach}, Heinz and {Zwicky}, Fritz},
        title = "{English and Spanish Translation of Zwicky's (1933) The Redshift of Extragalactic Nebulae}",
      journal = {arXiv e-prints},
     keywords = {Astrophysics - Instrumentation and Methods for Astrophysics, Astrophysics - Astrophysics of Galaxies},
         year = "2017",
        month = Nov,
          eid = {arXiv:1711.01693},
        pages = {arXiv:1711.01693},
archivePrefix = {arXiv},
       eprint = {1711.01693},
 primaryClass = {astro-ph.IM},
       adsurl = {https://ui.adsabs.harvard.edu/abs/2017arXiv171101693A},
      adsnote = {Provided by the SAO/NASA Astrophysics Data System}
}

@ARTICLE{1978Rubin,
   author = {{Rubin}, V.~C. and {Ford}, Jr., W.~K. and {Thonnard}, N.},
    title = "{Extended rotation curves of high-luminosity spiral galaxies. IV - Systematic dynamical properties, SA through SC}",
  journal = {Astrophysical Journal},
 keywords = {Angular Velocity, Galactic Rotation, Galactic Structure, Luminous Intensity, Spiral Galaxies, Astrodynamics, Astronomical Models, Curves (Geometry), Galactic Radiation},
     year = 1978,
    month = Nov,
   volume = 225,
    pages = {L107-L111},
      doi = {10.1086/182804},
   adsurl = {https://ui.adsabs.harvard.edu/abs/1978ApJ...225L.107R},
  adsnote = {Provided by the SAO/NASA Astrophysics Data System}
}

@ARTICLE{2014Planck,
       author = {{Planck Collaboration} and {Ade}, P.~A.~R. and {Aghanim}, N. and
         {Armitage-Caplan}, C. and {Arnaud}, M. and {Ashdown}, M. and {Atrio-Barand
        ela}, F. and {Aumont}, J. and {Baccigalupi}, C. and {Banday}, A.~J. and
         et al.},
        title = "{Planck 2013 results. XVI. Cosmological parameters}",
      journal = {Astronomy and Astrophysics},
     keywords = {cosmic background radiation, cosmological parameters, early Universe, inflation, primordial nucleosynthesis, Astrophysics - Cosmology and Nongalactic Astrophysics},
         year = "2014",
        month = Nov,
       volume = {571},
          eid = {A16},
        pages = {A16},
          doi = {10.1051/0004-6361/201321591},
archivePrefix = {arXiv},
       eprint = {1303.5076},
 primaryClass = {astro-ph.CO},
       adsurl = {https://ui.adsabs.harvard.edu/abs/2014A&A...571A..16P},
      adsnote = {Provided by the SAO/NASA Astrophysics Data System}
}

@ARTICLE{2002LMCkinematics,
       author = {{van der Marel}, Roeland P. and {Alves}, David R. and {Hardy}, Eduardo and
         {Suntzeff}, Nicholas B.},
        title = "{New Understanding of Large Magellanic Cloud Structure, Dynamics, and Orbit from Carbon Star Kinematics}",
      journal = {\aj},
     keywords = {Galaxies: Distances and Redshifts, Galaxies: Kinematics and Dynamics, Galaxies: Local Group, Galaxies: Magellanic Clouds, Astrophysics},
         year = "2002",
        month = Nov,
       volume = {124},
       number = {5},
        pages = {2639-2663},
          doi = {10.1086/343775},
archivePrefix = {arXiv},
       eprint = {astro-ph/0205161},
 primaryClass = {astro-ph},
       adsurl = {https://ui.adsabs.harvard.edu/abs/2002AJ....124.2639V},
      adsnote = {Provided by the SAO/NASA Astrophysics Data System}
}

@ARTICLE{1999LMCbulge,
       author = {{Sofue}, Yoshiaki},
        title = "{Dark Bulge, Exponential Disk, and Massive Halo in the Large Magellanic Cloud}",
      journal = {\pasj},
     keywords = {DARK MATTER, MAGELLANIC CLOUDS, MASS DISTRIBUTION, ROTATION, Astrophysics},
         year = "1999",
        month = Aug,
       volume = {51},
        pages = {445-448},
          doi = {10.1093/pasj/51.4.445},
archivePrefix = {arXiv},
       eprint = {astro-ph/9906222},
 primaryClass = {astro-ph},
       adsurl = {https://ui.adsabs.harvard.edu/abs/1999PASJ...51..445S},
      adsnote = {Provided by the SAO/NASA Astrophysics Data System}
}

@INBOOK{2013MWbulge,
       author = {{Sofue}, Yoshiaki},
        title = "{Mass Distribution and Rotation Curve in the Galaxy}",
     keywords = {Physics, Astrophysics - Astrophysics of Galaxies},
    booktitle = {Planets, Stars and Stellar Systems Vol. 5, by Oswalt, Terry D.; Gilmore, Gerard, ISBN 978-94-007-5611-3. Springer Science+Business Media Dordrecht, 2013, p. 985},
         year = "2013",
       editor = {{Oswalt}, Terry D. and {Gilmore}, Gerard},
       volume = {5},
        pages = {985},
          doi = {10.1007/978-94-007-5612-0_19},
       adsurl = {https://ui.adsabs.harvard.edu/abs/2013pss5.book..985S},
      adsnote = {Provided by the SAO/NASA Astrophysics Data System}
}

@ARTICLE{2011cirelli,
       author = {{Cirelli}, Marco and {Corcella}, Gennaro and {Hektor}, Andi and
         {H{\"u}tsi}, Gert and {Kadastik}, Mario and {Panci}, Paolo and
         {Raidal}, Martti and {Sala}, Filippo and {Strumia}, Alessandro},
        title = "{PPPC 4 DM ID: a poor particle physicist cookbook for dark matter indirect detection}",
      journal = {\jcap},
     keywords = {High Energy Physics - Phenomenology, Astrophysics - Cosmology and Extragalactic Astrophysics},
         year = "2011",
        month = Mar,
       volume = {2011},
       number = {3},
          eid = {051},
        pages = {051},
          doi = {10.1088/1475-7516/2011/03/051},
archivePrefix = {arXiv},
       eprint = {1012.4515},
 primaryClass = {hep-ph},
       adsurl = {https://ui.adsabs.harvard.edu/abs/2011JCAP...03..051C},
      adsnote = {Provided by the SAO/NASA Astrophysics Data System}
}

@BOOK{2019SciencewithCTA,
       author = {{Cherenkov Telescope Array Consortium} and {Acharya}, B.~S. and
         {Agudo}, I. and {Al Samarai}, I. and {Alfaro}, R. and {Alfaro}, J. and
         {Alispach}, C. and {Alves Batista}, R. and {Amans}, J. -P. and
         {Amato}, E. and {Ambrosi}, G. and {Antolini}, E. and
         {Antonelli}, L.~A. and {Aramo}, C. and {Araya}, M. and {Armstrong}, T. and
         {Arqueros}, F. and {Arrabito}, L. and {Asano}, K. and {Ashley}, M. and
         {Backes}, M. and {Balazs}, C. and {Balbo}, M. and {Ballester}, O. and
         {Ballet}, J. and {Bamba}, A. and {Barkov}, M. and
         {Barres de Almeida}, U. and {Barrio}, J.~A. and {Bastieri}, D. and
         {Becherini}, Y. and {Belfiore}, A. and {Benbow}, W. and {Berge}, D. and
         {Bernardini}, E. and {Bernardini}, M.~G. and {Bernardos}, M. and
         {Bernl{\"o}hr}, K. and {Bertucci}, B. and {Biasuzzi}, B. and
         {Bigongiari}, C. and {Biland}, A. and {Bissaldi}, E. and {Biteau}, J. and
         {Blanch}, O. and {Blazek}, J. and {Boisson}, C. and {Bolmont}, J. and
         {Bonanno}, G. and {Bonardi}, A. and {Bonavolont{\`a}}, C. and
         {Bonnoli}, G. and {Bosnjak}, Z. and {B{\"o}ttcher}, M. and
         {Braiding}, C. and {Bregeon}, J. and {Brill}, A. and {Brown}, A.~M. and
         {Brun}, P. and {Brunetti}, G. and {Buanes}, T. and {Buckley}, J. and
         {Bugaev}, V. and {B{\"u}hler}, R. and {Bulgarelli}, A. and {Bulik}, T. and
         {Burton}, M. and {Burtovoi}, A. and {Busetto}, G. and {Canestrari}, R. and
         {Capalbi}, M. and {Capitanio}, F. and {Caproni}, A. and {Caraveo}, P. and
         {C{\'a}rdenas}, V. and {Carlile}, C. and {Carosi}, R. and
         {Carqu{\'\i}n}, E. and {Carr}, J. and {Casanova}, S. and {Cascone}, E. and
         {Catalani}, F. and {Catalano}, O. and {Cauz}, D. and {Cerruti}, M. and
         {Chadwick}, P. and {Chaty}, S. and {Chaves}, R.~C.~G. and {Chen}, A. and
         {Chen}, X. and {Chernyakova}, M. and {Chikawa}, M. and {Christov}, A. and
         {Chudoba}, J. and {Cie{\'s}lar}, M. and {Coco}, V. and
         {Colafrancesco}, S. and {Colin}, P. and {Conforti}, V. and
         {Connaughton}, V. and {Conrad}, J. and {Contreras}, J.~L. and
         {Cortina}, J. and {Costa}, A. and {Costantini}, H. and {Cotter}, G. and
         {Covino}, S. and {Crocker}, R. and {Cuadra}, J. and {Cuevas}, O. and
         {Cumani}, P. and {D'A{\`\i}}, A. and {D'Ammando}, F. and
         {D'Avanzo}, P. and {D'Urso}, D. and {Daniel}, M. and {Davids}, I. and
         {Dawson}, B. and {Dazzi}, F. and {De Angelis}, A. and
         {de C{\'a}ssia dos Anjos}, R. and {De Cesare}, G. and {De Franco}, A. and
         {de Gouveia Dal Pino}, E.~M. and {de la Calle}, I. and
         {de los Reyes Lopez}, R. and {De Lotto}, B. and {De Luca}, A. and
         {De Lucia}, M. and {de Naurois}, M. and {de O{\~n}a Wilhelmi}, E. and
         {De Palma}, F. and {De Persio}, F. and {de Souza}, V. and {Deil}, C. and
         {Del Santo}, M. and {Delgado}, C. and {della Volpe}, D. and
         {Di Girolamo}, T. and {Di Pierro}, F. and {Di Venere}, L. and
         {D{\'\i}az}, C. and {Dib}, C. and {Diebold}, S. and
         {Djannati-Ata{\"\i}}, A. and {Dom{\'\i}nguez}, A. and
         {Dominis Prester}, D. and {Dorner}, D. and {Doro}, M. and {Drass}, H. and
         {Dravins}, D. and {Dubus}, G. and {Dwarkadas}, V.~V. and {Ebr}, J. and
         {Eckner}, C. and {Egberts}, K. and {Einecke}, S. and
         {Ekoume}, T.~R.~N. and {Els{\"a}sser}, D. and {Ernenwein}, J. -P. and
         {Espinoza}, C. and {Evoli}, C. and {Fairbairn}, M. and
         {Falceta-Goncalves}, D. and {Falcone}, A. and {Farnier}, C. and
         {Fasola}, G. and {Fedorova}, E. and {Fegan}, S. and {Fernand
        ez-Alonso}, M. and {Fern{\'a}ndez-Barral}, A. and {Ferrand}, G. and
         {Fesquet}, M. and {Filipovic}, M. and {Fioretti}, V. and
         {Fontaine}, G. and {Fornasa}, M. and {Fortson}, L. and
         {Freixas Coromina}, L. and {Fruck}, C. and {Fujita}, Y. and
         {Fukazawa}, Y. and {Funk}, S. and {F{\"u}{\ss}ling}, M. and
         {Gabici}, S. and {Gadola}, A. and {Gallant}, Y. and {Garcia}, B. and
         {Garcia L{\'o}pez}, R. and {Garczarczyk}, M. and {Gaskins}, J. and
         {Gasparetto}, T. and {Gaug}, M. and {Gerard}, L. and {Giavitto}, G. and
         {Giglietto}, N. and {Giommi}, P. and {Giordano}, F. and {Giro}, E. and
         {Giroletti}, M. and {Giuliani}, A. and {Glicenstein}, J. -F. and
         {Gnatyk}, R. and {Godinovic}, N. and {Goldoni}, P. and
         {G{\'o}mez-Vargas}, G. and {Gonz{\'a}lez}, M.~M. and
         {Gonz{\'a}lez}, J.~M. and {G{\"o}tz}, D. and {Graham}, J. and {Grand
        i}, P. and {Granot}, J. and {Green}, A.~J. and {Greenshaw}, T. and
         {Griffiths}, S. and {Gunji}, S. and {Hadasch}, D. and {Hara}, S. and
         {Hardcastle}, M.~J. and {Hassan}, T. and {Hayashi}, K. and
         {Hayashida}, M. and {Heller}, M. and {Helo}, J.~C. and {Hermann}, G. and
         {Hinton}, J. and {Hnatyk}, B. and {Hofmann}, W. and {Holder}, J. and
         {Horan}, D. and {H{\"o}randel}, J. and {Horns}, D. and {Horvath}, P. and
         {Hovatta}, T. and {Hrabovsky}, M. and {Hrupec}, D. and
         {Humensky}, T.~B. and {H{\"u}tten}, M. and {Iarlori}, M. and
         {Inada}, T. and {Inome}, Y. and {Inoue}, S. and {Inoue}, T. and
         {Inoue}, Y. and {Iocco}, F. and {Ioka}, K. and {Iori}, M. and
         {Ishio}, K. and {Iwamura}, Y. and {Jamrozy}, M. and {Janecek}, P. and
         {Jankowsky}, D. and {Jean}, P. and {Jung-Richardt}, I. and
         {Jurysek}, J. and {Kaaret}, P. and {Karkar}, S. and {Katagiri}, H. and
         {Katz}, U. and {Kawanaka}, N. and {Kazanas}, D. and {Kh{\'e}lifi}, B. and
         {Kieda}, D.~B. and {Kimeswenger}, S. and {Kimura}, S. and {Kisaka}, S. and
         {Knapp}, J. and {Kn{\"o}dlseder}, J. and {Koch}, B. and {Kohri}, K. and
         {Komin}, N. and {Kosack}, K. and {Kraus}, M. and {Krause}, M. and
         {Krau{\ss}}, F. and {Kubo}, H. and {Kukec Mezek}, G. and {Kuroda}, H. and
         {Kushida}, J. and {La Palombara}, N. and {Lamanna}, G. and
         {Lang}, R.~G. and {Lapington}, J. and {Le Blanc}, O. and {Leach}, S. and
         {Lees}, J. -P. and {Lefaucheur}, J. and {Leigui de Oliveira}, M.~A. and
         {Lenain}, J. -P. and {Lico}, R. and {Limon}, M. and {Lindfors}, E. and
         {Lohse}, T. and {Lombardi}, S. and {Longo}, F. and {L{\'o}pez}, M. and
         {L{\'o}pez-Coto}, R. and {Lu}, C. -C. and {Lucarelli}, F. and
         {Luque-Escamilla}, P.~L. and {Lyard}, E. and {Maccarone}, M.~C. and
         {Maier}, G. and {Majumdar}, P. and {Malaguti}, G. and {Mandat}, D. and
         {Maneva}, G. and {Manganaro}, M. and {Mangano}, S. and {Marcowith}, A. and
         {Mar{\'\i}n}, J. and {Markoff}, S. and {Mart{\'\i}}, J. and
         {Martin}, P. and {Mart{\'\i}nez}, M. and {Mart{\'\i}nez}, G. and
         {Masetti}, N. and {Masuda}, S. and {Maurin}, G. and {Maxted}, N. and
         {Mazin}, D. and {Medina}, C. and {Melandri}, A. and {Mereghetti}, S. and
         {Meyer}, M. and {Minaya}, I.~A. and {Mirabal}, N. and {Mirzoyan}, R. and
         {Mitchell}, A. and {Mizuno}, T. and {Moderski}, R. and {Mohammed}, M. and
         {Mohrmann}, L. and {Montaruli}, T. and {Moralejo}, A. and
         {Morcuende-Parrilla}, D. and {Mori}, K. and {Morlino}, G. and
         {Morris}, P. and {Morselli}, A. and {Moulin}, E. and {Mukherjee}, R. and
         {Mundell}, C. and {Murach}, T. and {Muraishi}, H. and {Murase}, K. and
         {Nagai}, A. and {Nagataki}, S. and {Nagayoshi}, T. and {Naito}, T. and
         {Nakamori}, T. and {Nakamura}, Y. and {Niemiec}, J. and {Nieto}, D. and
         {Niko{\l}ajuk}, M. and {Nishijima}, K. and {Noda}, K. and {Nosek}, D. and
         {Novosyadlyj}, B. and {Nozaki}, S. and {O'Brien}, P. and {Oakes}, L. and
         {Ohira}, Y. and {Ohishi}, M. and {Ohm}, S. and {Okazaki}, N. and
         {Okumura}, A. and {Ong}, R.~A. and {Orienti}, M. and {Orito}, R. and
         {Osborne}, J.~P. and {Ostrowski}, M. and {Otte}, N. and {Oya}, I. and
         {Padovani}, M. and {Paizis}, A. and {Palatiello}, M. and {Palatka}, M. and
         {Paoletti}, R. and {Paredes}, J.~M. and {Pareschi}, G. and
         {Parsons}, R.~D. and {Pe'er}, A. and {Pech}, M. and {Pedaletti}, G. and
         {Perri}, M. and {Persic}, M. and {Petrashyk}, A. and {Petrucci}, P. and
         {Petruk}, O. and {Peyaud}, B. and {Pfeifer}, M. and {Piano}, G. and
         {Pisarski}, A. and {Pita}, S. and {Pohl}, M. and {Polo}, M. and
         {Pozo}, D. and {Prandini}, E. and {Prast}, J. and {Principe}, G. and
         {Prokhorov}, D. and {Prokoph}, H. and {Prouza}, M. and
         {P{\"u}hlhofer}, G. and {Punch}, M. and {P{\"u}rckhauer}, S. and
         {Queiroz}, F. and {Quirrenbach}, A. and {Rain{\`o}}, S. and
         {Razzaque}, S. and {Reimer}, O. and {Reimer}, A. and {Reisenegger}, A. and
         {Renaud}, M. and {Rezaeian}, A.~H. and {Rhode}, W. and {Ribeiro}, D. and
         {Rib{\'o}}, M. and {Richtler}, T. and {Rico}, J. and {Rieger}, F. and
         {Riquelme}, M. and {Rivoire}, S. and {Rizi}, V. and {Rodriguez}, J. and
         {Rodriguez Fernandez}, G. and {Rodr{\'\i}guez V{\'a}zquez}, J.~J. and
         {Rojas}, G. and {Romano}, P. and {Romeo}, G. and {Rosado}, J. and
         {Rovero}, A.~C. and {Rowell}, G. and {Rudak}, B. and {Rugliancich}, A. and
         {Rulten}, C. and {Sadeh}, I. and {Safi-Harb}, S. and {Saito}, T. and
         {Sakaki}, N. and {Sakurai}, S. and {Salina}, G. and
         {S{\'a}nchez-Conde}, M. and {Sandaker}, H. and {Sandoval}, A. and
         {Sangiorgi}, P. and {Sanguillon}, M. and {Sano}, H. and {Santand
        er}, M. and {Sarkar}, S. and {Satalecka}, K. and {Saturni}, F.~G. and
         {Schioppa}, E.~J. and {Schlenstedt}, S. and {Schneider}, M. and
         {Schoorlemmer}, H. and {Schovanek}, P. and {Schulz}, A. and
         {Schussler}, F. and {Schwanke}, U. and {Sciacca}, E. and {Scuderi}, S. and
         {Seitenzahl}, I. and {Semikoz}, D. and {Sergijenko}, O. and
         {Servillat}, M. and {Shalchi}, A. and {Shellard}, R.~C. and
         {Sidoli}, L. and {Siejkowski}, H. and {Sillanp{\"a}{\"a}}, A. and
         {Sironi}, G. and {Sitarek}, J. and {Sliusar}, V. and {Slowikowska}, A. and
         {Sol}, H. and {Stamerra}, A. and {Stani{\v{c}}}, S. and {Starling}, R. and
         {Stawarz}, {\L}. and {Stefanik}, S. and {Stephan}, M. and
         {Stolarczyk}, T. and {Stratta}, G. and {Straumann}, U. and
         {Suomijarvi}, T. and {Supanitsky}, A.~D. and {Tagliaferri}, G. and
         {Tajima}, H. and {Tavani}, M. and {Tavecchio}, F. and
         {Tavernet}, J. -P. and {Tayabaly}, K. and {Tejedor}, L.~A. and
         {Temnikov}, P. and {Terada}, Y. and {Terrier}, R. and {Terzic}, T. and
         {Teshima}, M. and {Testa}, V. and {Thoudam}, S. and {Tian}, W. and
         {Tibaldo}, L. and {Tluczykont}, M. and {Todero Peixoto}, C.~J. and
         {Tokanai}, F. and {Tomastik}, J. and {Tonev}, D. and {Tornikoski}, M. and
         {Torres}, D.~F. and {Torresi}, E. and {Tosti}, G. and {Tothill}, N. and
         {Tovmassian}, G. and {Travnicek}, P. and {Trichard}, C. and
         {Trifoglio}, M. and {Troyano Pujadas}, I. and {Tsujimoto}, S. and
         {Umana}, G. and {Vagelli}, V. and {Vagnetti}, F. and {Valentino}, M. and
         {Vallania}, P. and {Valore}, L. and {van Eldik}, C. and {Vand
        enbroucke}, J. and {Varner}, G.~S. and {Vasileiadis}, G. and
         {Vassiliev}, V. and {V{\'a}zquez Acosta}, M. and {Vecchi}, M. and
         {Vega}, A. and {Vercellone}, S. and {Veres}, P. and {Vergani}, S. and
         {Verzi}, V. and {Vettolani}, G.~P. and {Viana}, A. and {Vigorito}, C. and
         {Villanueva}, J. and {Voelk}, H. and {Vollhardt}, A. and
         {Vorobiov}, S. and {Vrastil}, M. and {Vuillaume}, T. and
         {Wagner}, S.~J. and {Wagner}, R. and {Walter}, R. and {Ward}, J.~E. and
         {Warren}, D. and {Watson}, J.~J. and {Werner}, F. and {White}, M. and
         {White}, R. and {Wierzcholska}, A. and {Wilcox}, P. and {Will}, M. and
         {Williams}, D.~A. and {Wischnewski}, R. and {Wood}, M. and
         {Yamamoto}, T. and {Yamazaki}, R. and {Yanagita}, S. and {Yang}, L. and
         {Yoshida}, T. and {Yoshiike}, S. and {Yoshikoshi}, T. and
         {Zacharias}, M. and {Zaharijas}, G. and {Zampieri}, L. and {Zand
        anel}, F. and {Zanin}, R. and {Zavrtanik}, M. and {Zavrtanik}, D. and
         {Zdziarski}, A.~A. and {Zech}, A. and {Zechlin}, H. and
         {Zhdanov}, V.~I. and {Ziegler}, A. and {Zorn}, J.},
        title = "{Science with the Cherenkov Telescope Array}",
         year = "2019",
          doi = {10.1142/10986},
       adsurl = {https://ui.adsabs.harvard.edu/abs/2019scta.book.....C},
      adsnote = {Provided by the SAO/NASA Astrophysics Data System}
}

@misc{CTAPerformance,
  title = {CTA Performance},
  howpublished = {\url{https://www.cta-observatory.org/science/cta-performance/}}
}

@ARTICLE{2016Actools,
       author = {{Kn{\"o}dlseder}, J. and {Mayer}, M. and {Deil}, C. and
         {Cayrou}, J. -B. and {Owen}, E. and {Kelley-Hoskins}, N. and
         {Lu}, C. -C. and {Buehler}, R. and {Forest}, F. and {Louge}, T. and
         {Siejkowski}, H. and {Kosack}, K. and {Gerard}, L. and {Schulz}, A. and
         {Martin}, P. and {Sanchez}, D. and {Ohm}, S. and {Hassan}, T. and
         {Brau-Nogu{\'e}}, S.},
        title = "{GammaLib and ctools. A software framework for the analysis of astronomical gamma-ray data}",
      journal = {\aap},
     keywords = {methods: data analysis, virtual observatory tools, Astrophysics - Instrumentation and Methods for Astrophysics, Astrophysics - High Energy Astrophysical Phenomena},
         year = "2016",
        month = Aug,
       volume = {593},
          eid = {A1},
        pages = {A1},
          doi = {10.1051/0004-6361/201628822},
archivePrefix = {arXiv},
       eprint = {1606.00393},
 primaryClass = {astro-ph.IM},
       adsurl = {https://ui.adsabs.harvard.edu/abs/2016A&A...593A...1K},
      adsnote = {Provided by the SAO/NASA Astrophysics Data System}
}

@ARTICLE{2011Asimov,
       author = {{Cowan}, Glen and {Cranmer}, Kyle and {Gross}, Eilam and {Vitells}, Ofer},
        title = "{Asymptotic formulae for likelihood-based tests of new physics}",
      journal = {European Physical Journal C},
     keywords = {Physics - Data Analysis, Statistics and Probability, High Energy Physics - Experiment},
         year = "2011",
        month = Feb,
       volume = {71},
          eid = {1554},
        pages = {1554},
          doi = {10.1140/epjc/s10052-011-1554-0},
archivePrefix = {arXiv},
       eprint = {1007.1727},
 primaryClass = {physics.data-an},
       adsurl = {https://ui.adsabs.harvard.edu/abs/2011EPJC...71.1554C},
      adsnote = {Provided by the SAO/NASA Astrophysics Data System}
}

@article{wilks1938,
author = "Wilks, S. S.",
doi = "10.1214/aoms/1177732360",
fjournal = "The Annals of Mathematical Statistics",
journal = "Ann. Math. Statist.",
month = "03",
number = "1",
pages = "60--62",
publisher = "The Institute of Mathematical Statistics",
title = "The Large-Sample Distribution of the Likelihood Ratio for Testing Composite Hypotheses",
url = "https://doi.org/10.1214/aoms/1177732360",
volume = "9",
year = "1938"
}

@ARTICLE{2012HESSN157B,
       author = {{H.~E.~S.~S. Collaboration} and {Abramowski}, A. and {Acero}, F. and
         {Aharonian}, F. and {Akhperjanian}, A.~G. and {Anton}, G. and
         {Balenderan}, S. and {Balzer}, A. and {Barnacka}, A. and
         {Becherini}, Y. and {Becker}, J. and {Bernl{\"o}hr}, K. and
         {Birsin}, E. and {Biteau}, J. and {Bochow}, A. and {Boisson}, C. and
         {Bolmont}, J. and {Bordas}, P. and {Brucker}, J. and {Brun}, F. and
         {Brun}, P. and {Bulik}, T. and {Carrigan}, S. and {Casanova}, S. and
         {Cerruti}, M. and {Chadwick}, P.~M. and {Charbonnier}, A. and
         {Chaves}, R.~C.~G. and {Cheesebrough}, A. and {Cologna}, G. and
         {Conrad}, J. and {Couturier}, C. and {Dalton}, M. and {Daniel}, M.~K. and
         {Davids}, I.~D. and {Degrange}, B. and {Deil}, C. and
         {Dickinson}, H.~J. and {Djannati-At{\"a}{\i}}, A. and {Domainko}, W. and
         {Drury}, L.~O. 'C. and {Dubus}, G. and {Dutson}, K. and {Dyks}, J. and
         {Dyrda}, M. and {Egberts}, K. and {Eger}, P. and {Espigat}, P. and
         {Fallon}, L. and {Farnier}, C. and {Fegan}, S. and {Feinstein}, F. and
         {Fernandes}, M.~V. and {Fernandez}, D. and {Fiasson}, A. and
         {Fontaine}, G. and {F{\"o}rster}, A. and {F{\"u}{\ss}ling}, M. and
         {Gajdus}, M. and {Gallant}, Y.~A. and {Garrigoux}, T. and {Gast}, H. and
         {{\'{G}}rard}, L. and {Giebels}, B. and {Glicenstein}, J.~F. and
         {Gl{\"u}ck}, B. and {G{\"o}ring}, D. and {Grondin}, M. -H. and
         {H{\"a}ffner}, S. and {Hague}, J.~D. and {Hahn}, J. and {Hampf}, D. and
         {Harris}, J. and {Hauser}, M. and {Heinz}, S. and {Heinzelmann}, G. and
         {Henri}, G. and {Hermann}, G. and {Hillert}, A. and {Hinton}, J.~A. and
         {Hofmann}, W. and {Hofverberg}, P. and {Holler}, M. and {Horns}, D. and
         {Jacholkowska}, A. and {de Jager}, O.~C. and {Jahn}, C. and
         {Jamrozy}, M. and {Jung}, I. and {Kastendieck}, M.~A. and {Ḱski}, K. and
         {Katz}, U. and {Kaufmann}, S. and {Ḱlifi}, B. and {Klochkov}, D. and
         {Ḱniak}, W. and {Kneiske}, T. and {Komin}, Nu. and {Kosack}, K. and
         {Kossakowski}, R. and {Krayzel}, F. and {Laffon}, H. and {Lamanna}, G. and
         {Lenain}, J. -P. and {Lennarz}, D. and {Lohse}, T. and {Lopatin}, A. and
         {Lu}, C. -C. and {Marandon}, V. and {Marcowith}, A. and {Masbou}, J. and
         {Maurin}, G. and {Maxted}, N. and {Mayer}, M. and {McComb}, T.~J.~L. and
         {Medina}, M.~C. and {Ḿhault}, J. and {Menzler}, U. and {Moderski}, R. and
         {Mohamed}, M. and {Moulin}, E. and {Naumann}, C.~L. and
         {Naumann-Godo}, M. and {de Naurois}, M. and {Nedbal}, D. and
         {Nguyen}, N. and {Nicholas}, B. and {Niemiec}, J. and {Nolan}, S.~J. and
         {Ohm}, S. and {de O{\~n}a Wilhelmi}, E. and {Opitz}, B. and
         {Ostrowski}, M. and {Oya}, I. and {Panter}, M. and {Paz Arribas}, M. and
         {Pekeur}, N.~W. and {Pelletier}, G. and {Perez}, J. and
         {Petrucci}, P. -O. and {Peyaud}, B. and {Pita}, S. and
         {P{\"u}hlhofer}, G. and {Punch}, M. and {Quirrenbach}, A. and
         {Raue}, M. and {Reimer}, A. and {Reimer}, O. and {Renaud}, M. and
         {de los Reyes}, R. and {Rieger}, F. and {Ripken}, J. and {Rob}, L. and
         {Rosier-Lees}, S. and {Rowell}, G. and {Rudak}, B. and {Rulten}, C.~B. and
         {Sahakian}, V. and {Sanchez}, D.~A. and {Santangelo}, A. and
         {Schlickeiser}, R. and {Schulz}, A. and {Schwanke}, U. and
         {Schwarzburg}, S. and {Schwemmer}, S. and {Sheidaei}, F. and
         {Skilton}, J.~L. and {Sol}, H. and {Spengler}, G. and
         {Stawarz}, Lstrok and {.} and {Steenkamp}, R. and {Stegmann}, C. and
         {Stinzing}, F. and {Stycz}, K. and {Sushch}, I. and {Szostek}, A. and
         {Tavernet}, J. -P. and {Terrier}, R. and {Tluczykont}, M. and
         {Valerius}, K. and {van Eldik}, C. and {Vasileiadis}, G. and
         {Venter}, C. and {Viana}, A. and {Vincent}, P. and {V{\"o}lk}, H.~J. and
         {Volpe}, F. and {Vorobiov}, S. and {Vorster}, M. and {Wagner}, S.~J. and
         {Ward}, M. and {White}, R. and {Wierzcholska}, A. and {Zacharias}, M. and
         {Zajczyk}, A. and {Zdziarski}, A.~A. and {Zech}, A. and
         {Zechlin}, H. -S.},
        title = "{Discovery of gamma-ray emission from the extragalactic pulsar wind nebula N 157B with H.E.S.S.}",
      journal = {\aap},
     keywords = {gamma rays: general, pulsars: individual: PSR J0537, 6910, ISM: supernova remnants, Magellanic Clouds, Astrophysics - High Energy Astrophysical Phenomena},
         year = "2012",
        month = Sep,
       volume = {545},
          eid = {L2},
        pages = {L2},
          doi = {10.1051/0004-6361/201219906},
archivePrefix = {arXiv},
       eprint = {1208.1636},
 primaryClass = {astro-ph.HE},
       adsurl = {https://ui.adsabs.harvard.edu/abs/2012A&A...545L...2H},
      adsnote = {Provided by the SAO/NASA Astrophysics Data System}
}

@ARTICLE{1998PulsarN157B,
       author = {{Marshall}, F.~E. and {Gotthelf}, E.~V. and {Zhang}, W. and
         {Middleditch}, J. and {Wang}, Q.~D.},
        title = "{Discovery of an Ultrafast X-Ray Pulsar in the Supernova Remnant N157B}",
      journal = {\apjl},
     keywords = {STARS: PULSARS: GENERAL, X-RAYS: GENERAL, ISM: SUPERNOVA REMNANTS, STARS: PULSARS: INDIVIDUAL ALPHANUMERIC: PSR J0537-, 910, Stars: Pulsars: General, Stars: Pulsars: Individual: Alphanumeric: PSR J0537-6910, ISM: Supernova Remnants, X-Rays: General, Astrophysics},
         year = "1998",
        month = Jun,
       volume = {499},
       number = {2},
        pages = {L179-L182},
          doi = {10.1086/311381},
archivePrefix = {arXiv},
       eprint = {astro-ph/9803214},
 primaryClass = {astro-ph},
       adsurl = {https://ui.adsabs.harvard.edu/abs/1998ApJ...499L.179M},
      adsnote = {Provided by the SAO/NASA Astrophysics Data System}
}

@article{2006N157Bsuperbubble,
	doi = {10.1086/507017},
	url = {https://doi.org/10.1086%2F507017},
	year = 2006,
	month = Nov,
	publisher = {{IOP} Publishing},
	volume = {651},
	number = {1},
	pages = {237--249},
	author = {Yang Chen and Q. Daniel Wang and E. V. Gotthelf and Bing Jiang and You-Hua Chu and Robert Gruendl},
	title = {{ChandraACIS} Spectroscopy of N157B: A Young Composite Supernova Remnant in a Superbubble},
	journal = {The Astrophysical Journal}
}

@ARTICLE{2006N157Bdistance,
       author = {{Macri}, L.~M. and {Stanek}, K.~Z. and {Bersier}, D. and
         {Greenhill}, L.~J. and {Reid}, M.~J.},
        title = "{A New Cepheid Distance to the Maser-Host Galaxy NGC 4258 and Its Implications for the Hubble Constant}",
      journal = {\apj},
     keywords = {Stars: Variables: Cepheids, Cosmology: Distance Scale, Galaxies: Individual: NGC Number: NGC 4258, Astrophysics},
         year = "2006",
        month = Dec,
       volume = {652},
       number = {2},
        pages = {1133-1149},
          doi = {10.1086/508530},
archivePrefix = {arXiv},
       eprint = {astro-ph/0608211},
 primaryClass = {astro-ph},
       adsurl = {https://ui.adsabs.harvard.edu/abs/2006ApJ...652.1133M},
      adsnote = {Provided by the SAO/NASA Astrophysics Data System}
}

@article{2010CrabNebula,
    author = {Bucciantini, N. and Arons, J. and Amato, E.},
    title = "{Modelling spectral evolution of pulsar wind nebulae inside supernova remnants}",
    journal = {Monthly Notices of the Royal Astronomical Society},
    volume = {410},
    number = {1},
    pages = {381-398},
    year = {2010},
    month = Dec
}
@ARTICLE{2001ChandraN157B,
       author = {{Wang}, Q.~D. and {Gotthelf}, E.~V. and {Chu}, Y. -H. and
         {Dickel}, J.~R.},
        title = "{Detection of an X-Ray Pulsar Wind Nebula and Tail in SNR N157B}",
      journal = {\apj},
     keywords = {Galaxies: Magellanic Clouds, Stars: Pulsars: General, pulsars: individual (PSR J0537-6910), supernovae: individual (N157B, SNR 0538-691), X-Rays: General, Astrophysics},
         year = "2001",
        month = Sep,
       volume = {559},
       number = {1},
        pages = {275-281},
          doi = {10.1086/322392},
archivePrefix = {arXiv},
       eprint = {astro-ph/0105341},
 primaryClass = {astro-ph},
       adsurl = {https://ui.adsabs.harvard.edu/abs/2001ApJ...559..275W},
      adsnote = {Provided by the SAO/NASA Astrophysics Data System}
}

@ARTICLE{2007N132D,
       author = {{Borkowski}, Kazimierz J. and {Hendrick}, Sean P. and
         {Reynolds}, Stephen P.},
        title = "{X-Ray-Emitting Ejecta of Supernova Remnant N132D}",
      journal = {\apjl},
     keywords = {ISM: Individual: Alphanumeric: N132D, ISM: Supernova Remnants, Stars: Supernovae: General, X-Rays: ISM, Astrophysics},
         year = "2007",
        month = Dec,
       volume = {671},
       number = {1},
        pages = {L45-L48},
          doi = {10.1086/524733},
archivePrefix = {arXiv},
       eprint = {0711.3140},
 primaryClass = {astro-ph},
       adsurl = {https://ui.adsabs.harvard.edu/abs/2007ApJ...671L..45B},
      adsnote = {Provided by the SAO/NASA Astrophysics Data System}
}

@article{2009n132dmass,
	doi = {10.1088/0004-637x/707/1/l27},
	url = {https://doi.org/10.1088%2F0004-637x%2F707%2F1%2Fl27},
	year = 2009,
	month = nov,
	publisher = {{IOP} Publishing},
	volume = {707},
	number = {1},
	pages = {L27--L31},
	author = {Kevin France and Matthew Beasley and Brian A. Keeney and Charles W. Danforth and Cynthia S. Froning and James C. Green and J. Michael Shull},
	title = {{COSMIC} {ORIGINS} {SPECTROGRAPH} {OBSERVATIONS} {OF} {THE} {CHEMICAL} {COMPOSITION} {OF} {SNR} {LMC} N132D},
	journal = {The Astrophysical Journal}
}

@ARTICLE{2006shockn132D,
       author = {{Tappe}, A. and {Rho}, J. and {Reach}, W.~T.},
        title = "{Shock Processing of Interstellar Dust and Polycyclic Aromatic Hydrocarbons in the Supernova Remnant N132D}",
      journal = {\apj},
     keywords = {Infrared: ISM, ISM: Individual: Alphanumeric: N132D, Galaxies: Magellanic Clouds, ISM: Supernova Remnants, Astrophysics},
         year = "2006",
        month = Dec,
       volume = {653},
       number = {1},
        pages = {267-279},
          doi = {10.1086/508741},
archivePrefix = {arXiv},
       eprint = {astro-ph/0609133},
 primaryClass = {astro-ph},
       adsurl = {https://ui.adsabs.harvard.edu/abs/2006ApJ...653..267T},
      adsnote = {Provided by the SAO/NASA Astrophysics Data System}
}

@ARTICLE{198430dorLH90,
       author = {{Lortet}, M.~C. and {Testor}, G.},
        title = "{Optical observations of the bubble nebula N 157C (=0536.6-6914) and the tight clusters in the association LH 90 in LMC.}",
      journal = {\aap},
     keywords = {Astronomical Photography, Interstellar Matter, Magellanic Clouds, Nebulae, Star Clusters, Wolf-Rayet Stars, Blue Stars, Supergiant Stars, Supernova Remnants, Astrophysics},
         year = "1984",
        month = Oct,
       volume = {139},
        pages = {330-340},
       adsurl = {https://ui.adsabs.harvard.edu/abs/1984A&A...139..330L},
      adsnote = {Provided by the SAO/NASA Astrophysics Data System}
}

@article{200430dorcxrays,
	doi = {10.1086/380957},
	url = {https://doi.org/10.1086%2F380957},
	year = 2004,
	month = feb,
	publisher = {{IOP} Publishing},
	volume = {602},
	number = {1},
	pages = {257--263},
	author = {Aya Bamba and Masaru Ueno and Hiroshi Nakajima and Katsuji Koyama},
	title = {Thermal and Nonthermal X-Rays from the Large Magellanic Cloud Superbubble 30 Doradus C},
	journal = {The Astrophysical Journal},
}

@ARTICLE{1985SNRsintheLMC30dorc,
       author = {{Mathewson}, D.~S. and {Ford}, V.~L. and {Tuohy}, I.~R. and
         {Mills}, B.~Y. and {Turtle}, A.~J. and {Helfand}, D.~J.},
        title = "{Supernova remnants in the Magellanic Clouds. III.}",
      journal = {\apjs},
     keywords = {Magellanic Clouds, Radio Sources (Astronomy), Supernova Remnants, X Ray Sources, H Alpha Line, Image Processing, Stellar Winds, Astrophysics},
         year = "1985",
        month = Jun,
       volume = {58},
        pages = {197-200},
          doi = {10.1086/191037},
       adsurl = {https://ui.adsabs.harvard.edu/abs/1985ApJS...58..197M},
      adsnote = {Provided by the SAO/NASA Astrophysics Data System}
}

@INPROCEEDINGS{2017HESSLMCP3,
       author = {{Komin}, N. and {Haupt}, M. and {H.~E.~S.~S. Collaboration}},
        title = "{Discovery of VHE Gamma-Ray Emission from the Binary System LMC P3}",
     keywords = {Astrophysics - High Energy Astrophysical Phenomena},
    booktitle = {35th International Cosmic Ray Conference (ICRC2017)},
         year = "2017",
       series = {International Cosmic Ray Conference},
       volume = {301},
        month = "Jan",
          eid = {730},
        pages = {730},
archivePrefix = {arXiv},
       eprint = {1708.03171},
 primaryClass = {astro-ph.HE},
       adsurl = {https://ui.adsabs.harvard.edu/abs/2017ICRC...35..730K},
      adsnote = {Provided by the SAO/NASA Astrophysics Data System}
}
@ARTICLE{1981softXraysLMC,
       author = {{Long}, K.~S. and {Helfand}, D.~J. and {Grabelsky}, D.~A.},
        title = "{A solf X-ray study of the Large Magellanic Cloud.}",
      journal = {\apj},
     keywords = {Magellanic Clouds, Nebulae, Supernova Remnants, X Ray Astronomy, Active Galactic Nuclei, Astronomical Catalogs, Astronomical Maps, High Resolution, Spaceborne Astronomy, Astronomy},
         year = "1981",
        month = "Sep",
       volume = {248},
        pages = {925-944},
          doi = {10.1086/159222},
       adsurl = {https://ui.adsabs.harvard.edu/abs/1981ApJ...248..925L},
      adsnote = {Provided by the SAO/NASA Astrophysics Data System}
}

@article{2012xraybinaryP3,
	doi = {10.1088/0004-637x/759/2/123},
	url = {https://doi.org/10.1088%2F0004-637x%2F759%2F2%2F123},
	year = 2012,
	month = oct,
	publisher = {{IOP} Publishing},
	volume = {759},
	number = {2},
	pages = {123},
	author = {F. D. Seward and P. A. Charles and D. L. Foster and J. R. Dickel and P. S. Romero and Z. I. Edwards and M. Perry and R. M. Williams},
	title = {{DEM} L241, A {SUPERNOVA} {REMNANT} {CONTAINING} A {HIGH}-{MASS} X-{RAY} {BINARY}},
	journal = {The Astrophysical Journal}
}

@article{2016P3binary,
	doi = {10.3847/0004-637x/829/2/105},
	url = {https://doi.org/10.3847%2F0004-637x%2F829%2F2%2F105},
	year = 2016,
	month = sep,
	publisher = {American Astronomical Society},
	volume = {829},
	number = {2},
	pages = {105},
	author = {R. H. D. Corbet and L. Chomiuk and M. J. Coe and J. B. Coley and G. Dubus and P. G. Edwards and P. Martin and V. A. McBride and J. Stevens and J. Strader and L. J. Townsend and A. Udalski},
	title = {A {LUMINOUS} {GAMMA}-{RAY} {BINARY} {IN} {THE} {LARGE} {MAGELLANIC} {CLOUD}},
	journal = {The Astrophysical Journal}
}

@ARTICLE{1989binaries,
       author = {{Meurs}, E.~J.~A. and {van den Heuvel}, E.~P.~J.},
        title = "{The number of evolved early-type close binaries in the galaxy.}",
      journal = {\aap},
     keywords = {Binary Stars, Milky Way Galaxy, Stellar Evolution, Wolf-Rayet Stars, X Ray Binaries, Mass Ratios, Stellar Mass, Stellar Mass Ejection, Stellar Winds, Astrophysics},
         year = "1989",
        month = "Dec",
       volume = {226},
        pages = {88-107},
       adsurl = {https://ui.adsabs.harvard.edu/abs/1989A&A...226...88M},
      adsnote = {Provided by the SAO/NASA Astrophysics Data System}
}


@article{Caputo:2016ryl,
      author         = "Caputo, Regina and Buckley, Matthew R. and Martin,
                        Pierrick and Charles, Eric and Brooks, Alyson M. and
                        Drlica-Wagner, Alex and Gaskins, Jennifer M. and Wood,
                        Matthew",
      title          = "{Search for Gamma-ray Emission from Dark Matter
                        Annihilation in the Small Magellanic Cloud with the Fermi
                        Large Area Telescope}",
      journal        = "Phys. Rev.",
      volume         = "D93",
      year           = "2016",
      number         = "6",
      pages          = "062004",
      doi            = "10.1103/PhysRevD.93.062004",
      eprint         = "1603.00965",
      archivePrefix  = "arXiv",
      primaryClass   = "astro-ph.HE",
      reportNumber   = "FERMILAB-PUB-16-408-AE",
      SLACcitation   = "%%CITATION = ARXIV:1603.00965;%%"
}

@article{Buckley:2015doa,
      author         = "Buckley, Matthew R. and Charles, Eric and Gaskins,
                        Jennifer M. and Brooks, Alyson M. and Drlica-Wagner, Alex
                        and Martin, Pierrick and Zhao, Geng",
      title          = "{Search for Gamma-ray Emission from Dark Matter
                        Annihilation in the Large Magellanic Cloud with the Fermi
                        Large Area Telescope}",
      journal        = "Phys. Rev.",
      volume         = "D91",
      year           = "2015",
      number         = "10",
      pages          = "102001",
      doi            = "10.1103/PhysRevD.91.102001",
      eprint         = "1502.01020",
      archivePrefix  = "arXiv",
      primaryClass   = "astro-ph.HE",
      reportNumber   = "FERMILAB-PUB-15-039-AE",
      SLACcitation   = "%%CITATION = ARXIV:1502.01020;%%"
}

@ARTICLE{1998ApJ...503..674K,
       author = {{Kim}, Sungeun and {Staveley-Smith}, Lister and {Dopita}, Michael A. and
         {Freeman}, Ken C. and {Sault}, Robert J. and {Kesteven}, Mike J. and
         {McConnell}, David},
        title = "{An H I Aperture Synthesis Mosaic of the Large Magellanic Cloud}",
      journal = {\apj},
     keywords = {GALAXIES: ISM, GALAXIES: STRUCTURE, GALAXIES: MAGELLANIC CLOUDS, RADIO LINES: GALAXIES, SURVEYS, Galaxies: ISM, Galaxies: Structure, Galaxies: Magellanic Clouds, Radio Lines: Galaxies, Surveys},
         year = 1998,
        month = aug,
       volume = {503},
       number = {2},
        pages = {674-688},
          doi = {10.1086/306030},
       adsurl = {https://ui.adsabs.harvard.edu/abs/1998ApJ...503..674K},
      adsnote = {Provided by the SAO/NASA Astrophysics Data System}
}

@ARTICLE{1992A&A...263...41L,
       author = {{Luks}, Th. and {Rohlfs}, K.},
        title = "{Structure and kinematics of neutral hydrogen gas in the Large Magellanic Cloud.}",
      journal = {\aap},
     keywords = {Galactic Structure, Hydrogen, Interstellar Gas, Magellanic Clouds, Emission Spectra, Kinematics, Line Spectra, Radial Velocity, Spatial Distribution, Starburst Galaxies, Astrophysics},
         year = 1992,
        month = sep,
       volume = {263},
        pages = {41-53},
       adsurl = {https://ui.adsabs.harvard.edu/abs/1992A&A...263...41L},
      adsnote = {Provided by the SAO/NASA Astrophysics Data System}
}

@article{vanderMarel:2013jza,
      author         = "van der Marel, Roeland P. and Kallivayalil, Nitya",
      title          = "{Third-Epoch Magellanic Cloud Proper Motions II: The
                        Large Magellanic Cloud Rotation Field in Three
                        Dimensions}",
      journal        = "Astrophys. J.",
      volume         = "781",
      year           = "2014",
      number         = "2",
      pages          = "121",
      doi            = "10.1088/0004-637X/781/2/121",
      eprint         = "1305.4641",
      archivePrefix  = "arXiv",
      primaryClass   = "astro-ph.CO",
      SLACcitation   = "%%CITATION = ARXIV:1305.4641;%%"
}

% DM candidates
@BOOK{2010pdmo.book.....B,
       author = {{Bertone}, Gianfranco},
        title = "{Particle Dark Matter : Observations, Models and Searches}",
         year = 2010,
       adsurl = {https://ui.adsabs.harvard.edu/abs/2010pdmo.book.....B},
      adsnote = {Provided by the SAO/NASA Astrophysics Data System}
}

%% Sterile neutrino
@article{Boyarsky:2009ix,
      author         = "Boyarsky, Alexey and Ruchayskiy, Oleg and Shaposhnikov,
                        Mikhail",
      title          = "{The Role of sterile neutrinos in cosmology and
                        astrophysics}",
      journal        = "Ann. Rev. Nucl. Part. Sci.",
      volume         = "59",
      year           = "2009",
      pages          = "191-214",
      doi            = "10.1146/annurev.nucl.010909.083654",
      eprint         = "0901.0011",
      archivePrefix  = "arXiv",
      primaryClass   = "hep-ph",
      SLACcitation   = "%%CITATION = ARXIV:0901.0011;%%"
}

%% MeV DM 
@ARTICLE{2004NuPhB.683..219B,
       author = {{B{\oe}hm}, C. and {Fayet}, P.},
        title = "{Scalar dark matter candidates}",
      journal = {Nuclear Physics B},
     keywords = {95.35.+d, 14.80.-j, 14.70.Pw, 14.80.Ly, 12.60.-i, 12.60.Jv, Dark matter, Other particles, Other gauge bosons, Supersymmetric partners of known particles, Models beyond the standard model, Supersymmetric models, High Energy Physics - Phenomenology},
         year = 2004,
        month = apr,
       volume = {683},
       number = {1},
        pages = {219-263},
          doi = {10.1016/j.nuclphysb.2004.01.015},
archivePrefix = {arXiv},
       eprint = {hep-ph/0305261},
 primaryClass = {hep-ph},
       adsurl = {https://ui.adsabs.harvard.edu/abs/2004NuPhB.683..219B},
      adsnote = {Provided by the SAO/NASA Astrophysics Data System}
}
%% FDM
@ARTICLE{2000PhRvL..85.1158H,
       author = {{Hu}, Wayne and {Barkana}, Rennan and {Gruzinov}, Andrei},
        title = "{Fuzzy Cold Dark Matter: The Wave Properties of Ultralight Particles}",
      journal = {\prl},
     keywords = {Astrophysics, High Energy Physics - Phenomenology},
         year = 2000,
        month = aug,
       volume = {85},
       number = {6},
        pages = {1158-1161},
          doi = {10.1103/PhysRevLett.85.1158},
archivePrefix = {arXiv},
       eprint = {astro-ph/0003365},
 primaryClass = {astro-ph},
       adsurl = {https://ui.adsabs.harvard.edu/abs/2000PhRvL..85.1158H},
      adsnote = {Provided by the SAO/NASA Astrophysics Data System}
}

%% PBH
@article{Blais:2002nd,
      author         = "Blais, David and Kiefer, Claus and Polarski, David",
      title          = "{Can primordial black holes be a significant part of dark
                        matter?}",
      journal        = "Phys. Lett.",
      volume         = "B535",
      year           = "2002",
      pages          = "11-16",
      doi            = "10.1016/S0370-2693(02)01803-8",
      eprint         = "astro-ph/0203520",
      archivePrefix  = "arXiv",
      primaryClass   = "astro-ph",
      SLACcitation   = "%%CITATION = ASTRO-PH/0203520;%%"
}

% NFW
@ARTICLE{1996ApJ...462..563N,
       author = {{Navarro}, Julio F. and {Frenk}, Carlos S. and {White}, Simon D.~M.},
        title = "{The Structure of Cold Dark Matter Halos}",
      journal = {\apj},
     keywords = {COSMOLOGY: THEORY, COSMOLOGY: DARK MATTER, GALAXIES: HALOS, METHODS: NUMERICAL, Astrophysics},
         year = 1996,
        month = may,
       volume = {462},
        pages = {563},
          doi = {10.1086/177173},
archivePrefix = {arXiv},
       eprint = {astro-ph/9508025},
 primaryClass = {astro-ph},
       adsurl = {https://ui.adsabs.harvard.edu/abs/1996ApJ...462..563N},
      adsnote = {Provided by the SAO/NASA Astrophysics Data System}
}

% CLUMPY
@ARTICLE{2012CoPhC.183..656C,
       author = {{Charbonnier}, Ald{\'e}e and {Combet}, C{\'e}line and {Maurin}, David},
        title = "{CLUMPY: A code for {\ensuremath{\gamma}}-ray signals from dark matter structures}",
      journal = {Computer Physics Communications},
     keywords = {Astrophysics - High Energy Astrophysical Phenomena, Astrophysics - Cosmology and Extragalactic Astrophysics, Physics - Computational Physics},
         year = 2012,
        month = mar,
       volume = {183},
       number = {3},
        pages = {656-668},
          doi = {10.1016/j.cpc.2011.10.017},
archivePrefix = {arXiv},
       eprint = {1201.4728},
 primaryClass = {astro-ph.HE},
       adsurl = {https://ui.adsabs.harvard.edu/abs/2012CoPhC.183..656C},
      adsnote = {Provided by the SAO/NASA Astrophysics Data System}
}

@ARTICLE{2016CoPhC.200..336B,
       author = {{Bonnivard}, Vincent and {H{\"u}tten}, Moritz and {Nezri}, Emmanuel and
         {Charbonnier}, Ald{\'e}e and {Combet}, C{\'e}line and {Maurin}, David},
        title = "{CLUMPY: Jeans analysis, {\ensuremath{\gamma}}-ray and {\ensuremath{\nu}} fluxes from dark matter (sub-)structures}",
      journal = {Computer Physics Communications},
     keywords = {Cosmology, Dark matter, Indirect detection, Gamma-rays, Neutrinos, Astrophysics - Cosmology and Nongalactic Astrophysics, Astrophysics - Astrophysics of Galaxies, Astrophysics - High Energy Astrophysical Phenomena, High Energy Physics - Phenomenology},
         year = 2016,
        month = mar,
       volume = {200},
        pages = {336-349},
          doi = {10.1016/j.cpc.2015.11.012},
archivePrefix = {arXiv},
       eprint = {1506.07628},
 primaryClass = {astro-ph.CO},
       adsurl = {https://ui.adsabs.harvard.edu/abs/2016CoPhC.200..336B},
      adsnote = {Provided by the SAO/NASA Astrophysics Data System}
}

@ARTICLE{2019CoPhC.235..336H,
       author = {{H{\"u}tten}, Moritz and {Combet}, C{\'e}line and {Maurin}, David},
        title = "{CLUMPY v3: {\ensuremath{\gamma}}-ray and {\ensuremath{\nu}} signals from dark matter at all scales}",
      journal = {Computer Physics Communications},
     keywords = {Cosmology, Dark matter, Indirect detection, Gamma-rays, Neutrinos, Astrophysics - Cosmology and Nongalactic Astrophysics},
         year = 2019,
        month = feb,
       volume = {235},
        pages = {336-345},
          doi = {10.1016/j.cpc.2018.10.001},
archivePrefix = {arXiv},
       eprint = {1806.08639},
 primaryClass = {astro-ph.CO},
       adsurl = {https://ui.adsabs.harvard.edu/abs/2019CoPhC.235..336H},
      adsnote = {Provided by the SAO/NASA Astrophysics Data System}
}

% Cirelli
@ARTICLE{2011JCAP...03..051C,
       author = {{Cirelli}, Marco and {Corcella}, Gennaro and {Hektor}, Andi and
         {H{\"u}tsi}, Gert and {Kadastik}, Mario and {Panci}, Paolo and
         {Raidal}, Martti and {Sala}, Filippo and {Strumia}, Alessandro},
        title = "{PPPC 4 DM ID: a poor particle physicist cookbook for dark matter indirect detection}",
      journal = {\jcap},
     keywords = {High Energy Physics - Phenomenology, Astrophysics - Cosmology and Extragalactic Astrophysics},
         year = 2011,
        month = mar,
       volume = {2011},
       number = {3},
          eid = {051},
        pages = {051},
          doi = {10.1088/1475-7516/2011/03/051},
archivePrefix = {arXiv},
       eprint = {1012.4515},
 primaryClass = {hep-ph},
       adsurl = {https://ui.adsabs.harvard.edu/abs/2011JCAP...03..051C},
      adsnote = {Provided by the SAO/NASA Astrophysics Data System}
}

%% EW corrections
@ARTICLE{2011JCAP...03..019C,
       author = {{Ciafaloni}, Paolo and {Comelli}, Denis and {Riotto}, Antonio and
         {Sala}, Filippo and {Strumia}, Alessandro and {Urbano}, Alfredo},
        title = "{Weak corrections are relevant for dark matter indirect detection}",
      journal = {\jcap},
     keywords = {High Energy Physics - Phenomenology, Astrophysics - Cosmology and Extragalactic Astrophysics},
         year = 2011,
        month = mar,
       volume = {2011},
       number = {3},
          eid = {019},
        pages = {019},
          doi = {10.1088/1475-7516/2011/03/019},
archivePrefix = {arXiv},
       eprint = {1009.0224},
 primaryClass = {hep-ph},
       adsurl = {https://ui.adsabs.harvard.edu/abs/2011JCAP...03..019C},
      adsnote = {Provided by the SAO/NASA Astrophysics Data System}
}

@ARTICLE{1996MNRAS.278..488Z,
       author = {{Zhao}, Hongsheng},
        title = "{Analytical models for galactic nuclei}",
      journal = {\mnras},
     keywords = {METHODS: ANALYTICAL, CELESTIAL MECHANICS, STELLAR DYNAMICS, GALAXIES: KINEMATICS AND DYNAMICS, GALAXIES: NUCLEI, Astrophysics},
         year = 1996,
        month = jan,
       volume = {278},
       number = {2},
        pages = {488-496},
          doi = {10.1093/mnras/278.2.488},
archivePrefix = {arXiv},
       eprint = {astro-ph/9509122},
 primaryClass = {astro-ph},
       adsurl = {https://ui.adsabs.harvard.edu/abs/1996MNRAS.278..488Z},
      adsnote = {Provided by the SAO/NASA Astrophysics Data System}
}

@ARTICLE{NFW,
   author = {{Navarro}, J.~F. and {Frenk}, C.~S. and {White}, S.~D.~M.},
    title = "{The Structure of Cold Dark Matter Halos}",
  journal = {Astrophysical Journal},
   eprint = {astro-ph/9508025},
 keywords = {COSMOLOGY: THEORY, COSMOLOGY: DARK MATTER, GALAXIES: HALOS, METHODS: NUMERICAL},
     year = 1996,
    month = may,
   volume = 462,
    pages = {563},
      doi = {10.1086/177173},
   adsurl = {https://ui.adsabs.harvard.edu/abs/1996ApJ...462..563N},
  adsnote = {Provided by the SAO/NASA Astrophysics Data System}
}

@ARTICLE{2011EWcorrections,
       author = {{Ciafaloni}, Paolo and {Comelli}, Denis and {Riotto}, Antonio and
         {Sala}, Filippo and {Strumia}, Alessandro and {Urbano}, Alfredo},
        title = "{Weak corrections are relevant for dark matter indirect detection}",
      journal = {\jcap},
     keywords = {High Energy Physics - Phenomenology, Astrophysics - Cosmology and Extragalactic Astrophysics},
         year = 2011,
        month = mar,
       volume = {2011},
       number = {3},
          eid = {019},
        pages = {019},
          doi = {10.1088/1475-7516/2011/03/019},
archivePrefix = {arXiv},
       eprint = {1009.0224},
 primaryClass = {hep-ph},
       adsurl = {https://ui.adsabs.harvard.edu/abs/2011JCAP...03..019C},
      adsnote = {Provided by the SAO/NASA Astrophysics Data System}
      }